% This file was created with JabRef 2.10.
% Encoding: UTF-8


@Electronic{appveyorpricing,
  Title                    = {Appveyor Plans and Pricing},
  Author                   = {\{Appveyor Systems Inc.}},
  Url                      = {https://www.appveyor.com/pricing/},

  Timestamp                = {15.01.2017}
}

@Electronic{githubci,
  Title                    = {Continuous integration},
  Author                   = {\{GitHub, Inc.}},
  Url                      = {https://github.com/integrations/feature/continuous-integration},

  Timestamp                = {13.01.2017}
}

@Electronic{NetBSD_FTP_Server,
  Title                    = {NetBSD FTP Server},
  Author                   = {\{The NetBSD Foundation}},
  Url                      = {http://ftp.fi.netbsd.org/pub/graphics/packages/mpeg/havefun.stanford.edu/cv/},

  Timestamp                = {17.08.2016}
}

@Electronic{travispricing,
  Title                    = {Travis CI Plans},
  Author                   = {\{Travis CI, GmbH}},
  Url                      = {https://travis-ci.com/plans},

  Timestamp                = {13.01.2017}
}

@Electronic{DDSM,
  Title                    = {Digital Database for Screening Mammography},
  Author                   = {\{University of South Florida}},
  Url                      = {http://marathon.csee.usf.edu/Mammography/Database.html},

  Timestamp                = {17.08.2016}
}

@Electronic{Abuzaid2015,
  Title                    = {Optimizing CPU Performance for Convolutional Neural Networks},
  Author                   = {Firas Abuzaid},
  Url                      = {http://cs231n.stanford.edu/reports/fabuzaid_final_report.pdf},
  Year                     = {2015}
}

@Electronic{AlexKrizhevsky2012,
  Title                    = {ImageNet Classification with Deep Convolutional
Neural Networks},

  Address                  = {https://papers.nips.cc/paper/4824-imagenet-classification-with-deep-convolutional-neural-networks.pdf},
  Author                   = {Alex Krizhevsky, Ilya Sutskever and Geoffrey E. Hinton},
  Year                     = {2012},

  Owner                    = {jnf},
  Timestamp                = {2017.01.17}
}

@Book{Anderson1995,
  Title                    = {An Introduction to Neural Networks},
  Author                   = {Anderson, James},
  Publisher                = {MIT Press},
  Year                     = {1995}
}

@Electronic{Endokrinologie,
  Title                    = {Endokrinologie},
  Author                   = {Dr. Frank Antwerpes},
  Url                      = {http://flexikon.doccheck.com/de/Endokrinologie#},
  Year                     = {2015},

  Timestamp                = {16.11.2015}
}

@Article{Baeck1996,
  Title                    = {Evolutionary Algorithms in Theory and Practice},
  Author                   = {B\"ack, Thomas},
  Journal                  = {Oxford Univ. Press},
  Year                     = {1996}
}

@Book{BrandenLambrecht2001,
  Title                    = {Vision Models and Applications to Image and Video Processing},
  Author                   = {Christian J. van den Branden Lambrecht},
  Publisher                = {Springer Science \& Business Media},
  Year                     = {2001},

  Timestamp                = {2016.11.30}
}

@Electronic{backprop_from_scratch,
  Title                    = {How to Implement the Backpropagation Algorithm From Scratch In Python},
  Author                   = {Brownlee, Jason},
  Url                      = {http://machinelearningmastery.com/implement-backpropagation-algorithm-scratch-python/},
  Year                     = {2016},

  Timestamp                = {07.11.2016}
}

@Electronic{Buckland,
  Title                    = {Genetic Algorithms in Plain English},
  Author                   = {Buckland, Mat},
  Url                      = {http://www.ai-junkie.com/ga/intro/gat1.html},

  Timestamp                = {12.09.2016}
}

@Electronic{Zhang2015,
  Title                    = {Optimizing FPGA-based Accelerator Design for Deep Convolutional Neural Networks},
  Author                   = {Chen Zhang, Peng Li, Guangyu Sun, Yijin Guan, Bingjun Xiao, Jason Cong},
  Url                      = {https://pdfs.semanticscholar.org/2ffc/74bec88d8762a613256589891ff323123e99.pdf},
  Year                     = {2015}
}

@Electronic{Cowan2014,
  Title                    = {neural},
  Author                   = {Cowan, Mark K},
  Url                      = {https://github.com/battlesnake/neural/tree/7dd93c49527ce3ff3621d09c7fa6369411901f76},
  Year                     = {2014},

  Timestamp                = {09.09.2016}
}

@Electronic{Venerologie,
  Title                    = {Venerologie},
  Author                   = {Dr. med. Ostendorf, Norbert},
  Url                      = {http://flexikon.doccheck.com/de/Venerologie},
  Year                     = {2016},

  Timestamp                = {04.04.2016}
}

@Electronic{Graham2014,
  Title                    = {Computer Vision and Pattern Recognition (cs.CV)},
  Author                   = {Graham, Benjamin},
  Url                      = {https://arxiv.org/abs/1412.6071},
  Year                     = {2014},

  Owner                    = {jnf},
  Timestamp                = {2016.11.30}
}

@Electronic{Green2009,
  Title                    = {Speciation in Canonical NEAT},
  Author                   = {Colin D. Green},
  Url                      = {http://sharpneat.sourceforge.net/research/speciation-canonical-neat.html},
  Year                     = {2009}
}

@Electronic{HasimSak2014,
  Title                    = {Long Short-Term Memory Based Recurrent Neural Network Architectures for Large Vocabulary Speech Recognition},
  Author                   = {Haşim Sak, Andrew Senior, Françoise Beaufays},
  Url                      = {https://arxiv.org/abs/1402.1128},
  Year                     = {2014}
}

@Book{Hess2011,
  Title                    = {Publicus 2012},
  Author                   = {Hess, Bernhard},
  Publisher                = {Schwabe AG},
  Year                     = {2011}
}

@Electronic{Hinton2007,
  Title                    = {Learning multiple layers of representation},
  Author                   = {Geoffrey E. Hinton},
  Url                      = {http://www.cs.toronto.edu/~fritz/absps/tics.pdf},
  Year                     = {2007}
}

@Electronic{Hochberg2012,
  Title                    = {Matrix Multiplication with CUDA | A basic introduction to the CUDA programming model},
  Author                   = {Robert Hochberg},
  Url                      = {https://www.shodor.org/media/content/petascale/materials/UPModules/matrixMultiplication/moduleDocument.pdf},
  Year                     = {2012}
}

@Other{Hochreiter1991,
  Title                    = {Untersuchungen zu dynamischen neuronalen Netzen},
  Author                   = {Sepp Hochreiter},
  Institution              = {Technische Univ. Munich},
  Type                     = {Diploma},
  Year                     = {1991}
}

@Electronic{KaimingHe2016,
  Title                    = {Identity Mappings in Deep Residual Networks},
  Author                   = {Kaiming He, Xiangyu Zhang, Shaoqing Ren, and Jian Sun},
  Url                      = {https://arxiv.org/pdf/1603.05027v3.pdf},
  Year                     = {2016}
}

@Electronic{KaimingHe2015,
  Title                    = {Deep Residual Learning for Image Recognition},
  Author                   = {Kaiming He, Xiangyu Zhang, Shaoqing Ren and Jian Sun},
  Url                      = {https://arxiv.org/pdf/1512.03385v1.pdf},
  Year                     = {2015}
}

@Electronic{Karpathy2016,
  Title                    = {CS231n Convolutional Neural Networks for Visual Recognition},
  Author                   = {Karpathy, Andrej},
  Url                      = {http://cs231n.github.io/convolutional-networks/},
  Year                     = {2016},

  Timestamp                = {17.08.2016}
}

@Electronic{MasakazuMatsugu2003,
  Title                    = {Subject independent facial expression recognition with robust face
detection using a convolutional neural network},
  Author                   = {Masakazu Matsugu, Katsuhiko Mori, Yusuke Mitari, Yuji Kaneda},
  Url                      = {http://www.iro.umontreal.ca/~pift6080/H09/documents/papers/sparse/matsugo_etal_face_expression_conv_nnet.pdf},
  Year                     = {2003},

  Owner                    = {jnf},
  Timestamp                = {2016.11.30}
}

@Electronic{Jaderberg2014,
  Title                    = {Speeding up Convolutional Neural Networks with Low Rank Expansions},
  Author                   = {Max Jaderberg, Andrea Vedaldi, Andrew Zisserman},
  Url                      = {https://www.robots.ox.ac.uk/~vedaldi/assets/pubs/jaderberg14speeding.pdf},
  Year                     = {2014}
}

@Electronic{Lin2014,
  Title                    = {Network In Network},
  Author                   = {Min Lin, Qiang Chen, Shuicheng Yan},
  Url                      = {https://arxiv.org/pdf/1312.4400v3.pdf},
  Year                     = {2014}
}

@Electronic{Nguyen1990,
  Title                    = {Improving the Learning Speed of 2-Layer Neural Networks by Choosing Initial Values of the Adaptive Weights},
  Author                   = {Derrick Nguyen and Bernard Widrow},
  Url                      = {http://www-isl.stanford.edu/~widrow/papers/c1990improvingthe.pdf},
  Year                     = {1990}
}

@Electronic{Nielsen2016,
  Title                    = {Neural Networks and Deep Learning},
  Author                   = {Nielsen, Michael},
  Url                      = {http://neuralnetworksanddeeplearning.com/chap6.html},
  Year                     = {2016},

  Timestamp                = {17.08.2016}
}

@Electronic{nzhagen2016,
  Title                    = {bibulous},
  Author                   = {nzhagen},
  Url                      = {https://github.com/nzhagen/bibulous/tree/5bbbe39ed313c1cfd531a40437d8a56f35694c68},
  Year                     = {2016},

  Timestamp                = {09.09.2016}
}

@Electronic{Kraehenbuehl2016,
  Title                    = {DATA-DEPENDENT INITIALIZATIONS OF CONVOLUTIONAL NEURAL NETWORKS},
  Author                   = {Philipp Krähenbühl, Carl Doersch, Jeff Donahue, Trevor Darrell},
  Url                      = {https://ai2-s2-pdfs.s3.amazonaws.com/8e56/448da09ceacea946c9d6fd393ad3e57e12cb.pdf},
  Year                     = {2016}
}

@Electronic{Learning2014,
  Title                    = {Supervised and Unsupervised learning},
  Author                   = {Saimadhu Polamuri},
  Url                      = {http://dataaspirant.com/2014/09/19/supervised-and-unsupervised-learning/},
  Year                     = {2014},

  Timestamp                = {15.01.2016}
}

@Electronic{github,
  Title                    = {GitHub},
  Author                   = {Preston-Werner, Tom},
  Url                      = {https://github.com},

  Timestamp                = {11.01.2017}
}

@Electronic{githubprice,
  Title                    = {GitHub Pricing},
  Author                   = {Preston-Werner, Tom},
  Url                      = {https://github.com/pricing},

  Timestamp                = {11.01.2017}
}

@Electronic{Rojas1996,
  Title                    = {Neural Networks},
  Author                   = {Raúl Rojas},
  Url                      = {https://page.mi.fu-berlin.de/rojas/neural/neuron.pdf},
  Year                     = {1996}
}

@Electronic{Sathyanarayana2014,
  Title                    = {A Gentle Introduction to Backpropagation},
  Author                   = {Shashi Sathyanarayana},
  Organization             = {Numeric Insight, Inc.},
  Url                      = {http://numericinsight.com/uploads/A_Gentle_Introduction_to_Backpropagation.pdf},
  Year                     = {2014}
}

@Electronic{Simonyan2015,
  Title                    = {VERY DEEP CONVOLUTIONAL NETWORKS FOR LARGE-SCALE IMAGE RECOGNITION},
  Author                   = {Karen Simonyan and Andrew Zisserman},
  Year                     = {2015}
}

@Electronic{Stanley2010,
  Title                    = {NEAT C++},
  Author                   = {Kenneth Stanley},
  Url                      = {http://nn.cs.utexas.edu/?neat-c},
  Year                     = {2010}
}

@Electronic{Stanley2002,
  Title                    = {Evolving Neural Networks through Augmenting Topologies},
  Author                   = {Stanley, Kenneth},
  Organization             = {Massachusetts Institute of Technology},
  Url                      = {http://nn.cs.utexas.edu/downloads/papers/stanley.ec02.pdf},
  Year                     = {2002},

  Timestamp                = {11.9.2016}
}

@Book{Stroustrup2013,
  Title                    = {The C++ Programming Language (4th Edition)},
  Author                   = {Bjarne Stroustrup},
  Publisher                = {Addison-Wesley},
  Year                     = {2013},

  ISBN                     = {978-0321563842}
}

@Electronic{gitbranch,
  Title                    = {git branch},
  Author                   = {Torvalds, Linus},
  Url                      = {https://git-scm.com/docs/git-branch},

  Timestamp                = {11.01.2017}
}

@Electronic{Torvalds,
  Title                    = {git},
  Author                   = {Torvalds, Linus},
  Url                      = {https://git-scm.com},

  Timestamp                = {11.01.2017}
}

@Electronic{gitrepo,
  Title                    = {Getting a Git Repository},
  Author                   = {Torvalds, Linus et al},
  Url                      = {https://git-scm.com/book/en/v2/Git-Basics-Getting-a-Git-Repository},

  Timestamp                = {11.01.2017}
}

@Electronic{YannLeCun1998,
  Title                    = {GradientBased Learning Applied to Document Recognition},
  Author                   = {Yann LeCun, Leon Bottou, Yoshua Bengio and Patrick Haffner},
  Url                      = {http://vision.stanford.edu/cs598_spring07/papers/Lecun98.pdf},
  Year                     = {1998}
}

@Electronic{Zhang2016,
  Title                    = {Convexified Convolutional Neural Networks},
  Author                   = {Yuchen Zhang, Percy Liang, Martin J. Wainwright},
  Url                      = {https://pdfs.semanticscholar.org/165f/b135ffbaa1ab63bc4e59dc2bbc8f5ea7bfdc.pdf},
  Year                     = {2016}
}

@comment{jabref-meta: databaseType:biblatex;}

